@STRING{ucp = "University of Chicago Press"}

@Book{chicago2010,
  author = {{University of Chicago Press}},
  title = {The Chicago Manual of Style},
  shorthand = {\emph{CMS}},
  edition = {16},
  address = {Chicago},
  publisher = ucp,
  year = {2010}
}
@Book{chicago2003,
  author = {{University of Chicago Press}},
  title = {The Chicago Manual of Style},
  edition = {15},
  address = {Chicago},
  publisher = ucp,
  year = {2003}
}
@Collection{camus1991a,
  author = {Camus, Albert},
  title = {The Myth of Sisyphus and Other Essays},
  translator = {O'Brien, Justin},
  address = {New York},
  publisher = {Vintage International},
  year = {1991}
}
@Book{camus1991b,
  author = {Camus, Albert},
  title = {The Rebel},
  subtitle = {An Essay on Man in Revolt},
  edition = {rev. ed.},
  translator = {Bower, Anthony},
  address = {New York},
  publisher = {Vintage International},
  year = {1991}
}
@Article{frankfurt1969,
  author = {Frankfurt, Harry G.},
  title = {Alternate Possibilities and Moral Responsibility},
  volume = {66},
  number = {23},
  pages = {829--39},
  date = {1969-12-04},
  journal = {The Journal of Philosophy}
}
@InCollection{frankfurt1988.1,
  title = {Alternate Possibilities and Moral Responsibility},
  pages = {1--10},
  crossref = {frankfurt1988}
}
@Collection{frankfurt1988,
  author = {Frankfurt, Harry G.},
  subtitle = {Philosophical Essays},
  title = {The Importance of What We Care About},
  location = {Cambridge},
  publisher = {Cambridge University Press},
  year = {1988}
}
@InBook{byrne1981.5,
  crossref = {byrne1981},
  volume = {5},
  year = {1981}
}
@InBook{byrne1981.6,
  crossref = {byrne1981},
  volume = {6},
  year = {1981}
}
@Collection{kierkegaard1987,
  address = {Princeton, NJ},
  author = {Kierkegaard, S{\o}ren},
  title = {Either/Or},
  volumes = {2},
  editor = {Hong, Howard V. and Hong, Edna H.},
  translator = {Hong, Howard V. and Hong, Edna H.},
  maintitle = {Kierkegaard's Writings},
  volume = {3 and 4},
  publisher = {Princeton University Press},
  year = {1987}
}
@InCollection{kierkegaard1987.1.8a,
  crossref = {kierkegaard1987.1a},
  title = {Rotation of Crops},
  pages = {281--300}
}
@Collection{kierkegaard1987.1a,
  author = {Kierkegaard, S{\o}ren},
  title = {Either/Or},
  note = {Part I},
  editor = {Hong, Howard V. and Hong, Edna H.},
  translator = {Hong, Howard V. and Hong, Edna H.},
  maintitle = {Kierkegaard's Writings},
  volume = {3},
  address = {Princeton, NJ},
  publisher = {Princeton University Press},
  year = {1987}
}
@InCollection{kierkegaard1987.1.8b,
  crossref = {kierkegaard1987.1b},
  title = {Rotation of Crops},
  pages = {281--300},
}
@InBook{kierkegaard1987.1b,
  crossref = {kierkegaard1987b},
  volume = {1},
  year = {1987}
}
@Collection{kierkegaard1987b,
  author = {Kierkegaard, S{\o}ren},
  title = {Either/Or},
  editor = {Hong, Howard V. and Hong, Edna H.},
  translator = {Hong, Howard V. and Hong, Edna H.},
  address = {Princeton, NJ},
  publisher = {Princeton University Press},
  year = {1987}
}
@InCollection{kierkegaard1987.1.8c,
  crossref = {kierkegaard1987.1c},
  title = {Rotation of Crops},
  pages = {281--300},
}
@InBook{kierkegaard1987.1c,
  crossref = {kierkegaard1987c},
  volume = {1},
  year = {1987}
}
@Collection{kierkegaard1987c,
  author = {Kierkegaard, S{\o}ren},
  title = {Either/Or},
  editor = {Hong, Howard V. and Hong, Edna H.},
  translator = {Hong, Howard V. and Hong, Edna H.},
  maintitle = {Kierkegaard's Writings},
  volumea = {3},
  address = {Princeton, NJ},
  publisher = {Princeton University Press},
  year = {1987}
}
@Misc{roosevelt1959,
  author = {Roosevelt, Eleanor},
  title = {\mkbibquote{Is America Facing World Leadership?}},
  usera = {convocation speech, Ball State Teacher's College, May 6, \thefield{year}, radio broadcast, Windows Media Audio, 47:46},
  userb = {Convocation Speech. Ball State Teacher's College. May 6\newunit\thefield{year}. Radio broadcast. Windows Media Audio. 47:46},
  url = {http://libx.bsu.edu/cdm4/item_viewer.php?CISOROOT=/ElRoos&CISOPTR=0&CISOBOX=1&REC=2},
  year = {1959}
}
@Book{doe2010a,
  options = {skipbib=true},
  author = {Doe, Jane},
  title = {A Book's Title},
  editor = {Smith, John},
  translator = {Doe, Jane},
  address = {Chicago},
  publisher = ucp,
  year = {2010}
}
@Book{doe2010b,
  options = {skipbib=true,transfirst},
  author = {Doe, Jane},
  title = {A Book's Title},
  editor = {Smith, John},
  translator = {Doe, Jane},
  address = {Chicago},
  publisher = ucp,
  year = {2010}
}
@Book{smith2002a,
  options = {skipbib=true},
  title = {A Book's Title},
  editor = {Smith, John},
  translator = {Doe, Jane},
  address = {Chicago},
  publisher = ucp,
  year = {2002}
}
@Book{smith2002b,
  options = {skipbib=true,transfirst},
  title = {A Book's Title},
  editor = {Smith, John},
  translator = {Doe, Jane},
  address = {Chicago},
  publisher = ucp,
  year = {2002}
}
@InCollection{thoreau2007.7,
  crossref = {thoreau2007},
  title = {Walking},
  pages = {185--222},
}
@Collection{thoreau2007,
  author = {Thoreau, Henry David},
  title = {Excursions},
  editor = {Moldenhauer, Joseph J.},
  series = {The Writings of Henry D. Thoreau},
  publisher = {Princeton University Press},
  address = {Princeton, NJ},
  year = {2009}
}
@InCollection{orwell2009.17,
  crossref = {orwell2009},
  title = {Politics and the English Language},
  pages = {270--86}
}
@Collection{orwell2009,
  author = {Orwell, George},
  title = {All Art is Propaganda},
  subtitle = {Critical Essays},
  editor = {Packer, George},
  editortype = {compiler},
  address = {Boston},
  publisher = {Mariner Books},
  year = {2009}
}
@InCollection{cassirer1948.4,
  crossref = {cassirer1948},
  author = {Petrarca, Francesco},
  title = {The Ascent of Mont Ventoux},
  translator = {Nachod, Hans},
  pages = {36--46}
}
@Collection{cassirer1948,
  title = {The Renaissance Philosophy of Man},
  editor = {Cassirer, Ernst and Kristeller, Paul Oskar and Randall, Jr., John
	Herman},
  address = {Chicago},
  publisher = ucp,
  year = {1948}
}
@Book{smith1981,
  author = {Smith, Adam},
  title = {An Inquiry into the Nature and Causes of the Wealth of Nations},
  shorttitle = {The Wealth of Nations},
  editor = {Todd, W. B.},
  volumes = {2},
  volume = {2},
  maintitle = {The Glasgow Edition of the Works and Correspondence of Adam Smith},
  editora = {Campbell, R. H. and Skinner, A. S.},
  editoratype = {maintitle},
  address = {Indianapolis},
  publisher = {Liberty Fund},
  year = {1981},
  origlocation = {Oxford},
  origpublisher = {Oxford University Press},
  origdate = {1976}
}
@Book{shields2008,
  author = {Shields, David},
  title = {The Thing about Life Is That One Day You'll Be Dead},
  address = {New York},
  publisher = {Alfred A. Knopf},
  year = {2008}
}
@Book{martin2000,
  options = {useprefix},
  author = {Martin du Gard, Roger},
  title = {Lieutenant-Colonel de Maumort},
  translator = {Br{\'e}bion, Luc and Crouse, Timothy},
  address = {New York},
  publisher = {Alfred A. Knopf},
  year = {2000}
}
@Collection{jacobs1997,
  editor ={Jacobs, Sue-Ellen and Thomas, Wesley and Lang, Sabine},
  title = {Two-Spirit People},
  subtitle = {Native American Gender Identity, Sexuality, and Spirituality},
  address = {Urbana},
  publisher = {University of Illinois Press},
  year = {1997}
}
@Book{levitt2005,
  author = {Levitt, Steven D. and Dubner, Stephen J.},
  title = {Freakonomics},
  subtitle = {A Rogue Economist Explores the Hidden Side of Everything},
  address = {New York},
  publisher = {William Morrow},
  year = {2005}
}
@Book{sechzer1996,
  editor = {Sechzer, Jeri A. and Pfaffilin, A. S. M. and Denmark, F. L. and Griffin, A. and Blumenthal, S. J.},
  title = {Women and Mental Health},
  address = {Baltimore},
  publisher = {Johns Hopkins University Press},
  year = {1996}
}
@Book{mccullers1999,
  author = {McCullers, Carson},
  title = {Illumination and Night Glare},
  subtitle = {The Unfinished Autobiography of Carson McCullers},
  editor = {Dews, Carlos L.},
  address = {Madison},
  publisher = {University of Wisconsin Press},
  year = {1999}
}
@Inbook{meredith1970.1,
  crossref = {meredith1970},
  volume = {1},
  year = {1970}
}
@Collection{meredith1970,
  author = {Meredith, George},
  title = {The Letters of George Meredith},
  editor = {Cline, C. L.},
  address = {Oxford},
  volumes = {3},
  publisher = {Clarendon Press},
  year = {1970}
}
@Book{horsley1796,
  author = {Horsley, Samuel},
  title = {On the Prosodies of the Greek and Latin Languages},
  address = {London},
  year = {1796}
}
@Book{carre1982,
  author = {Le Carr\'e, John},
  nameaddon = {David John Moore Cornwell},
  title = {The Quest for Karla},
  address = {New York},
  publisher = {Knopf},
  year = {1982}
}
@Book{stendhal1925,
  author = {Stendhal},
  nameaddon = {Marie-Henri Beyle},
  title = {The Charterhouse of Parma},
  translator = {Scott-Moncrieff, C. K.},
  address = {New York},
  publisher = {Boni and Liveright},
  year = {1925}
}
@Collection{young2007,
  editor = {Young, Glenn},
  title = {The Best American Short Plays, 2002--2003},
  address = {New York},
  publisher = {Applause},
  year = {2007}
}
@Book{silverstein1974,
  translator = {Silverstein, Theodore},
  title = {Sir Gawain and the Green Knight},
  address = {Chicago},
  publisher = ucp,
  year = {1974}
}
@Collection{bonnefoy1995,
  author = {Bonnefoy, Yves},
  title = {New and Selected Poems},
  editor = {Naughton, John and Rudolf, Anthony},
  address = {Chicago},
  publisher = ucp,
  year = {1995}
}
@Book{menchu1999,
  options = {transfirst},
  author = {Mench{\'u}, Rigoberta},
  title = {Crossing Borders},
  editor = {Wright, Ann},
  translator = {Wright, Ann},
  address = {New York},
  publisher = {Verso},
  year = {1999}
}
@Collection{adorno1999,
  author = {Adorno, Theodor W. and Benjamin, Walter},
  title = {The Complete Correspondence, 1928--1940},
  editor = {Lonitz, Henri},
  translator = {Walker, Nicholas},
  address = {Cambridge, MA},
  publisher = {Harvard University Press},
  year = {1999}
}
@Book{crow1966,
  options = {noauth},
  sortname = {Chaucer},
  title = {Chaucer Life-Records},
  editor = {Crow, Martin M. and Olson, Clair C.},
  editoraddon = {from materials compiled by John M. Manly and Edith Richert, with the assistance of Lilian J. Redstone et al.},
  address = {London},
  publisher = {Oxford University Press},
  year = {1966}
}
@Book{cullen1961,
  author = {Cullen, John B.},
  title = {Old Times in the Faulkner Country},
  note = {in collaboration with Floyd C. Watkins},
  address = {Chapel Hill},
  publisher = {University of North Carolina Press},
  year = {1961}
}
@Book{prather1998,
  author = {Prather, Marla},
  title = {Alexander Calder, 1898--1976},
  note = {with contributions by Arnauld Pierre and Alexander S. C. Rower},
  address = {New Haven, CT},
  publisher = {Yale University Press},
  year = {1998}
}
@Book{hayek1994,
  author = {Hayek, F. A.},
  title = {The Road to Serfdom},
  note = {with a new introduction by Milton Friedman},
  address = {Chicago},
  publisher = ucp,
  year = {1994}
}
@Book{weiss2008,
  author = {Weiss, Andrea},
  title = {In the Shadow of the Magic Mountain},
  subtitle = {The Erika and Klaus Mann Story},
  address = {Chicago},
  publisher = ucp,
  year = {2008}
}
@Book{mchugh1980,
  author = {McHugh, Roland},
  title = {Annotations to \mkbibquote{Finnegan's Wake}},
  address = {Baltimore},
  publisher = {Johns Hopkins University Press},
  year = {1980}
}
@Book{vanwagenen1973,
  author = {Van Wagenen, Gertrude and Simpson, Miriam E.},
  title = {Postnatal Development of the Ovary in \emph{Homo sapiens} and \emph{Macaca mulatta} and Induction of Ovulation in the Macaque},
  address = {New Haven, CT},
  publisher = {Yale University Press},
  year = {1973}
}
@Book{berra2002,
  author = {Berra, Yogi},
  title = {What Time Is It? You Mean Now? Advice for Life from the Zennest Master of Them All},
  shorttitle = {What Time Is It?},
  note = {with Dave Kaplan},
  address = {New York},
  publisher = {Simon \& Schuster},
  year = {2002}
}
@Book{oram2007,
  author = {Oram, Alison},
  title = {Her Husband Was a Woman!},
  subtitle = {Women's Gender-Crossing and British Popular Culture},
  address = {London},
  publisher = {Routledge},
  year = {2007}
}
@Book{wereszycki1977,
  author = {Wereszycki, Henryk},
  title = {Koniec sojuszu trzech cesarzy},
  titleaddon = {The end of the Three Emperors' League},
  address = {Warsaw},
  publisher = {PWN},
  year = {1977}
}
@Book{furet1999,
  author = {Furet, Fran{\c c}ois},
  title = {The Passing of an Illusion},
  translator = {Furet, Deborah},
  address = {Chicago},
  publisher = ucp,
  year = {1999},
  origtitle = {Le pass{\'e} d'une illusion},
  origlocation = {Paris},
  origpublisher = {{\'E}ditions Robert Laffont},
  origdate = {1995}
}
@Book{pirumova1977,
  author = {Pirumova, N. M.},
  title = {The Zemstvo Liberal Movement},
  subtitle = {Its Social Roots and Evolution to the Beginning of the Twentieth Century},
  titleaddon = {in Russian},
  address = {Moscow},
  publisher = {Izdatel'stvo ``Nauka''},
  year = {1977}
}
@InCollection{phibbs1987a,
  crossref = {phibbs1987},
  author = {Phibbs, Brendan},
  title = {Herrlisheim},
  subtitle = {Diary of a Battle},
  pages = {117--63}
}
@Collection{phibbs1987,
  author = {Phibbs, Brendan},
  title = {The Other Side of Time},
  subtitle = {A Combat Surgeon in World War II},
  address = {Boston},
  publisher = {Little, Brown},
  year = {1987}
}
@InCollection{samples2006.7,
  crossref = {samples2006},
  title = {The Origins of Modern Campaign Finance Law},
  chapter = {7}
}
@Book{samples2006,
  author = {Samples, John},
  title = {The Fallacy of Campaign Finance Reform},
  address = {Chicago},
  publisher = ucp,
  year = {2006}
}
@InCollection{carr1996a,
  crossref = {carr1996},
  author = {Carr, Anne and Schuurman, Douglas J.},
  title = {Religion and Feminism},
  subtitle = {A Reformist Christian Analysis},
  pages = {11--32}
}
@Collection{carr1996,
  title = {Religion, Feminism, and the Family},
  editor = {Carr, Anne and Van Leeuwen, Mary Stewart},
  address = {Louisville, KY},
  publisher = {Westminster John Knox Press},
  year = {1996}
}
@InCollection{ellet1968a,
  crossref = {ellet1968},
  author = {Ellet, Elizabeth F. L.},
  title = {By Rail and Stage to Galena},
  pages = {271--79}
}
@Collection{ellet1968,
  title = {Prairie State},
  editor = {Angle, Paul M.},
  subtitle = {Impressions of Illinois, 1673--1967, by Travelers and Other Observers},
  address = {Chicago},
  publisher = ucp,
  year = {1968}
}
@InBook{bernard1990a,
  crossref = {bernard1990},
  title = {A Party for Boris}
}
@Collection{bernard1990,
  author = {Bernard, Thomas},
  title = {Histrionics},
  subtitle = {Three Plays},
  translator = {Jansen, Peter K. and Northcott, Kenneth},
  address = {Chicago},
  publisher = ucp,
  year = {1990}
}
@InCollection{polakow1993a,
  crossref = {polakow1993b},
  afterword = {Polakow, Valerie},
  pages = {177--83}
}
@Collection{polakow1993b,
  author = {Polakow, Valerie},
  title = {Lives on the Edge},
  subtitle = {Single Mothers and Their Children in the Other America},
  address = {Chicago},
  publisher = ucp,
  year = {1993}
}
@InCollection{prose2000,
  crossref = {wallraff2000},
  introduction = {Prose, Francine},
  pages = {ix--xiv},
  sortname = {Prose}
}
@Collection{wallraff2000,
  author = {Wallraff, Barbara},
  title = {Word Court},
  booksubtitle = {Wherein Verbal Virtue Is Rewarded, Crimes against the Language Are Punished, and Poetic Justice Is Done},
  address = {New York},
  publisher = {Harcourt},
  year = {2000}
}
@Letter{adams1867,
  crossref = {adams1930},
  author = {Adams, Henry},
  title = {Adams to Charles Milnes Gaskell, Baden, 22 September 1867},
  pages = {133--34}
}
@Collection{adams1930,
  title = {Letters of Henry Adams, 1858--1891},
  editor = {Ford, Worthington Chauncey},
  address = {Boston},
  publisher = {Houghton Mifflin},
  year = {1930}
}
@Letter{jackson1676,
  crossref = {pepys1955},
  author = {Jackson, Paulina},
  title = {Paulina Jackson to John Pepys Junior, 3 October 1676},
  number = {42}
}
@Collection{pepys1955,
  title = {The Letters of Samuel Pepys and His Family Circle},
  editor = {Heath, Helen Truesdell},
  address = {Oxford},
  publisher = {Clarendon Press},
  year = {1955}
}
@Book{harper-dorton2002,
  author = {Harper-Dorton, Karen V. and Herbert, Martin},
  title = {Working with Children, Adolescents, and Their Families},
  edition = {3},
  address = {Chicago},
  publisher = {Lyceum Books},
  year = {2002}
}
@Book{babb1989,
  author = {Babb, Florence},
  title = {Between Field and Cooking Pot},
  subtitle = {The Political Economy of Marketwomen in Peru},
  edition = {rev. ed.},
  address = {Austin},
  publisher = {University of Texas Press},
  year = {1989}
}
@Book{emerson1985,
  author = {Emerson, Ralph Waldo},
  title = {Nature},
  address = {Boston},
  publisher = {Beacon},
  note = {facsimile of the first edition, with an introduction by Jaroslav Pelikan},
  origdate = {1836},
  year = {1985}
}
@Book{barzun1994,
  author = {Barzun, Jacques},
  title = {Simple and Direct},
  subtitle = {A Rhetoric for Writers},
  edition = {rev. ed.},
  address = {Chicago},
  publisher = ucp,
  origdate = {1985},
  year = {1994}
}
@Book{farwell1997,
  author = {Farwell, Beatrice},
  title = {Lithography in Art and Commerce},
  volume = {12},
  maintitle = {French Popular Lithographic Imagery, 1815--1870},
  address = {Chicago},
  publisher = ucp,
  year = {1997},
  howpublished = {textfiche}
}
@Book{schweitzer1966,
  author = {Schweitzer, Albert},
  title = {J. S. Bach},
  translator = {Newman, Ernest},
  volumes = {2},
  address = {New York},
  publisher = {Dover},
  origdate = {1911},
  year = {1966}
}
@Book{aristotle1983,
  author = {Aristotle},
  title = {Complete Works of Aristotle},
  subtitle = {The Revised Oxford Translation},
  editor = {Barnes, J.},
  volumes = {2},
  series = {Bollingen Series},
  address = {Princeton, NJ},
  publisher = {Princeton University Press},
  year = {1983}
}
@InBook{byrne1981.4,
  crossref = {byrne1981},
  volume = {4},
  year = {1981}
}
@Collection{byrne1981,
  editor = {Byrne, Muriel St. Clare},
  title = {The Lisle Letters},
  volumes = {6},
  address = {Chicago},
  publisher = ucp,
  year = {1981}
}
@Book{byrne1981.4alt,
  editor = {Byrne, Muriel St. Clare},
  title = {The Lisle Letters},
  volume = {4},
  address = {Chicago},
  publisher = ucp,
  year = {1981}
}
@InBook{james1963.5,
  crossref = {james1963},
  volume = {5},
  volumetitle = {1883--1884},
  year = {1963}
}
@Collection{james1963,
  author = {James, Henry},
  title = {The Complete Tales of Henry James},
  editor = {Edel, Leon},
  volumes = {12},
  address = {London},
  publisher = {Rupert Hart-Davis},
  year = {1962--63}
}
@Book{james1963alt,
  author = {James, Henry},
  title = {The Complete Tales of Henry James},
  editor = {Edel, Leon},
  volume = {5},
  volumetitle = {1883--1884},
  address = {London},
  publisher = {Rupert Hart-Davis},
  year = {1963}
}
@Book{pelikan1971,
  author = {Pelikan, Jaroslav},
  title = {The Emergence of the Catholic Tradition (100--600)},
  maintitle = {The Christian Tradition},
  mainsubtitle = {A History of the Development of Doctrine},
  volume = {1},
  address = {Chicago},
  publisher = ucp,
  year = {1971}
}
@InCollection{bonnefoy1991a,
  crossref = {bonnefoy1991.2},
  title = {Buddhist Mythology},
  sortname = {Buddhist},
  pages = {893--95}
}
@InBook{bonnefoy1991.2,
  crossref = {bonnefoy1991},
  volume = {2},
  year = {1991}
}
@Collection{bonnefoy1991,
  title = {Mythologies},
  editor = {Bonnefoy, Yves},
  volumes = {2},
  address = {Chicago},
  publisher = ucp,
  year = {1991}
}
@Book{lach1977,
  author = {Lach, Donald},
  title = {The Scholarly Disciplines},
  maintitle = {Asia in the Making of Europe},
  volume = {2},
  part = {bk. 3},
  address = {Chicago},
  publisher = ucp,
  year = {1977}
}
@Book{harley1994a,
  editor = {Harley, J. B. and Woodward, David},
  title = {Cartography in the Traditional East and Southeast Asian Societies},
  maintitle = {The History of Cartography},
  volume = {2},
  part = {bk. 2},
  address = {Chicago},
  publisher = ucp,
  year = {1987--}
}
@InBook{harley1994b,
  crossref = {harley1987},
  options = {skipbib=true},
  title = {Cartography in the Traditional East and Southeast Asian Societies},
  volume = {2},
  part = {bk. 2},
  year = {1994}
}
@Collection{harley1987,
  title = {The History of Cartography},
  editor = {Harley, J. B. and Woodward, David},
  address = {Chicago},
  publisher = ucp,
  year = {1987--}
}
@Book{barrows1959,
  author = {Barrows, Herbert},
  title = {Reading the Short Story},
  volume = {1},
  maintitle = {An Introduction to Literature},
  editor = {Ray, Gordon N.},
  editortype = {maintitle},
  address = {Boston},
  publisher = {Houghton Mifflin},
  year = {1959}
}
@Book{donne1995,
  author = {Donne, John},
  title = {The \mkbibquote{Anniversaries} and the \mkbibquote{Epicedes and Obsequies}},
  maintitle = {The Variorum Edition of the Poetry of John Donne},
  volume = {6},
  editor = {Stringer, Gary A. and Pebworth, Ted-Larry},
  editora = {Stringer, Gary A.},
  editoratype = {maintitle},
  address = {Bloomington},
  publisher = {Indiana University Press},
  year = {1995}
}
@Book{hundert1992,
  author = {Hundert, Gershon David},
  title = {The Jews in a Polish Private Town},
  subtitle = {The Case of Opat{\'o}w in the Eighteenth Century},
  series = {Johns Hopkins Jewish Studies},
  address = {Baltimore},
  publisher = {Johns Hopkins University Press},
  year = {1992}
}
@Book{fowler1989,
  author = {Fowler, Melvin L.},
  title = {The Cahokia Atlas},
  subtitle = {A Historical Atlas of Cahokia Archaeology},
  series = {Studies in Illinois Archaeology},
  number = {6},
  address = {Springfield},
  publisher = {Illinois Historic Preservation Agency},
  year = {1989}
}
@Book{howell1998,
  author = {Howell, Martha C.},
  title = {The Marriage Exchange},
  subtitle = {Property, Social Place, and Gender in Cities of the Low Countries, 1300--1550},
  series = {Women in Culture and Society},
  editor = {Stimpson, Catharine R.},
  editortype = {series},
  address = {Chicago},
  publisher = ucp,
  year = {1988}
}
@Book{boyer1986,
  editor = {Boyer, John W. and Kirshner, Julius},
  title = {Readings in Western Civilization},
  volumes = {9},
  address = {Chicago},
  publisher = ucp,
  year = {1986--87}
}
@Book{cochrane1987,
  author = {Cochrane, Eric W. and Gray, Charles K. and Kishlansky, Mark},
  title = {Early Modern Europe},
  subtitle = {Crisis of Authority},
  series = {Readings in Western Civilization},
  number = {vol. 6},
  editor = {Boyer, John W. and Kirshner, Julius},
  editortype = {series},
  address = {Chicago},
  publisher = ucp,
  year = {1987}
}
@Book{boxer1953,
  editor = {Boxer, Charles R.},
  title = {South China in the Sixteenth Century},
  series = {Hakluyt Society Publications},
  seriesaddon = {2nd ser.},
  number = {vol. 106},
  address = {London},
  publisher = {Hakluyt},
  year = {1953}
}
@Book{palmatary1950,
  author = {Palmatary, Helen C.},
  title = {The Pottery of Maraj\'o Island, Brazil},
  series = {Transactions of the American Philosophical Society},
  seriesaddon = {n.s.},
  number = {39},
  part = {3},
  address = {Philadelphia},
  publisher = {American Philosophical Society},
  year = {1950}
}
@Book{windsor1910,
  options = {skipbib=true},
  publisher = {Windsor},
  year = {1910}
}
@Book{boston,
  options = {skipbib=true},
  address = {Boston}
}
@Book{austen2007,
  author = {Austen, Jane},
  title = {Pride and Prejudice},
  address = {New York},
  publisher = {Penguin Classics},
  year = {2007},
  howpublished = {Kindle edition}
}
@Book{antokoletz2008,
  author = {Antokoletz, Elliot},
  title = {Musical Symbolism in the Operas of Debussy and Bartok},
  address = {New York},
  publisher = {Oxford University Press},
  year = {2008},
  doi = {10.1093/acprof:oso/9780195365825.001.0001}
}
@InCollection{sirosh1996aa,
  crossref = {sirosh1996a},
  author = {Sirosh, J. and Miikkulainen, R. and Bednar, J. A.},
  title = {Self-Organization of Orientation Maps, Lateral Connections, and Dynamic Receptive Fields in the Primary Visual Cortex},
}
@Collection{sirosh1996a,
  title = {Lateral Interactions in the Cortex},
  subtitle = {Structure and Function},
  editor = {Sirosh, J. and Miikkulainen, R. and Choe, Y.},
  address = {Austin, TX},
  publisher = {UTCS Neural Networks Research Group},
  year = {1996},
  url = {http://www.nn.cs.utexas.edu/web-pubs/htmlbook96/}
}
@Book{hicks1996,
  author = {Hicks, Rodney J.},
  title = {Nuclear Medicine},
  subtitle = {From the Center of Our Universe},
  address = {Victoria, Austral.},
  publisher = {ICE T Multimedia},
  year = {1996},
  howpublished = {CD-ROM}
}
@Book{james1996a,
  author = {James, Henry},
  title = {The Ambassadors},
  publisher = {Project Gutenberg},
  year = {1996},
  origdate = {1909},
  url = {ftp://ibiblio.org/pub/docs/books/gutenberg/etext96/ambas10.txt}
}
@Article{manjivar2006,
  author = {Manj\'ivar, Cecilia},
  title = {Liminal Legality},
  subtitle = {Salvadoran and Guatemalan Immigrants' Lives in the United States},
  journal = {American Journal of Sociology},
  volume = {111},
  number = {4},
  year = {2006},
  pages = {999--1037},
  doi = {10.1086/499509}
}
@Article{batson1990,
  author = {Batson, C. Daniel},
  title = {How Social is the Animal?},
  subtitle = {The Human Capacity for Caring},
  journal = {American Psychologist},
  volume = {45},
  date = {1990-03},
  pages = {336--46}
}
@Article{abrams2007,
  author = {Abrams, Marshall},
  title = {How Do Natural Selection and Random Drift Interact?},
  journal = {Philosophy of Science},
  volume = {74},
  date = {2007-12},
  pages = {666--79},
  doi = {10.1086/525612}
}
@Article{meban2008,
  author = {Meban, David},
  title = {Temple Building, \emph{Primus} Language, and the Proem to Virgil's Third \emph{Georgic}},
  journal = {Classical Philology},
  volume = {103},
  number = {2},
  year = {2008},
  pages = {150--74},
  doi = {10.1086/591611}
}
@Article{beattie1974,
  author = {Beattie, J. M.},
  title = {The Pattern of Crime in England, 1660--1800},
  shorttitle = {The Pattern of Crime},
  journal = {Past and Present},
  number = {62},
  year = {1974},
  pages = {47--95}
}
@Article{authora,
  author = {Author, Margaret M.},
  title = {Article Title},
  journal = {Journal Name},
  volume = {98},
  year = {forthcoming}
}
@Article{whitney1929,
  author = {Whitney, Frank P.},
  title = {The Six-Year High School in Cleveland},
  journal = {School Review},
  volume = {37},
  number = {4},
  year = {1929},
  pages = {267--71},
  url = {http://www.jstor.org/stable/1078814}
}
@Article{charles2008,
  author = {Charles, Patrick G. P. and Wolfe, Rory and Whitby, Michael and Fine, Michael J. and Fuller, Andrew J. and Stirling, Robert and Wright, Alistair A. and Else, Someone A. and Else, Someone B., and Else, Someone C., and Else, Someone D.},
  title = {SMART-COP},
  subtitle = {A Tool for Predicting the Need for Intensive Respiratory or Vasopressor Support in Community-Acquired Pneumonia},
  journal = {Clinical Infectious Diseases},
  volume = {47},
  date = {2008-08-01},
  pages = {375--84},
  urldate = {2008-07-17},
  doi = {10.1086/589754}
}
@Article{sassler2000,
  author = {Sassler, Sharon},
  title = {Learning to be an `American Lady'?},
  subtitle = {Ethnic Variation in Daughters' Pursuits in the Early 1900s},
  issuetitle = {\mkbibquote{Emergent and Reconfigured Forms of Family Life}},
  editor = {Lempert, Lora Bex and DeVault, Marjorie L.},
  editortype = {issuetitle},
  journal = {Gender and Society},
  volume = {14},
  number = {1},
  year = {2000},
  pages = {184--209},
  url = {http://www.jstor.org/stable/190427}
}
@Article{good1999,
  title = {Non-Subject-Matter Outcomes of Schooling},
  editor = {Good, Thomas L.},
  issuetitle = {special issue},
  journal = {Elementary School Journal},
  volume = {99},
  number = {5},
  year = {1999},
  pages = {383--89}
}
@Article{brown1978,
  editor = {Brown, George C.},
  title = {A Swedish Traveler in Early Wisconsin},
  subtitle = {The Observations of Fredrika Bremer},
  part = {1},
  journal = {Wisconsin Magazine of History},
  volume = {61},
  issue = {Summer},
  year = {1978},
  pages = {300--318}
}
@Article{luu1999,
  author = {Luu, Diane-Dinh Kim},
  title = {Diethylstilbestrol and Media Coverage of the `Morning After' Pill},
  journal = {Lost in Thought: Undergraduate Research Journal},
  address = {Indiana University South Bend},
  volume = {2},
  year = {1999},
  pages = {65--70}
}
@Article{garrett1975,
  author = {Garrett, Marvin P.},
  title = {Language and Design in \emph{Pippa Passes}},
  journal = {Victorian Poetry},
  address = {West Virginia University},
  volume = {13},
  number = {1},
  year = {1975},
  pages = {47--60}
}
@Article{authorb,
  options = {skipbib=true},
  author = {Author, Arthur Q.},
  title = {Article Title},
  translator = {So-and-So},
  journal = {Journal Title...}
}
@Article{authorc,
  options = {skipbib=true},
  author = {Author, Arthur Q.},
  title = {Article Title},
  editor = {So-and-So},
  journal = {Journal Title...}
}
@Article{kern1938,
  author = {Kern, W.},
  title = {Waar verzamelde Pigafetta zijn Maleise woorden?},
  titleaddon = {Where did Pigafetta collect his Malaysian words?},
  journal = {Tijdschrift voor Indische taal-, land- en volkenkunde},
  volume = {78},
  year = {1938},
  pages = {271--73}
}
@Article{sewall1896,
  title = {Letter of Jonathan Sewall},
  journal = {Proceedings of the Massachusetts Historical Society},
  series = {2nd ser.},
  volume = {10},
  date = {1896-01},
  pages = {414}
}
@Article{moraes1950,
  author = {Moraes, G. M.},
  title = {St. Francis Xavier, Apostolic Nuncio, 1542--52},
  journal = {Journal of the Bombay Branch of the Royal Asiatic Society},
  series = {n.s.},
  volume = {26},
  year = {1950},
  pages = {279--313}
}
@Article{hoover2008,
  author = {Hoover, Susan E. and Kawada, Junichi and Wilson, Wyndham and Cohen, Jeffrey I.},
  title = {Oropharyngeal Shedding of Epstein-Barr Virus in the Absence of Circulating B Cells},
  note = {abstract},
  journal = {Journal of Infectious Diseases},
  volume = {198},
  date = {2008-08-01},
  doi = {10.1086/589714}
}
@Article{lepore2008,
  author = {Lepore, Jill},
  title = {Just the Facts, Ma'am},
  subtitle = {Fake Memoirs, Factual Fictions, and the History of History},
  journal = {New Yorker},
  date = {2008-03-24},
  year = {2008},
  pages = {81}
}
@Article{cole1992,
  author = {Cole, Wendy and Castro, Janice},
  title = {Scientology's Largesse in Russia},
  journal = {Time},
  date = {1992-04-13},
  url = {http://www.time.com/time/magazine/article/0,9171,975290,00.html}
}
@Article{royko1992,
  author = {Royko, Mike},
  title = {Next Time, Dan, Take Aim at Arnold},
  journal = {Chicago Tribune},
  date = {1992-09-23}
}
@Article{forester2000,
  sortname = {Pushcarts Evolve to Trendy Kiosks},
  sorttitle = {Pushcarts Evolve to Trendy Kiosks},
  title = {Pushcarts Evolve to Trendy Kiosks},
  journal = {Lake Forester},
  address = {Lake Forest, IL},
  date = {2000-03-23}
}
@Article{nytimes2002,
  title = {In Texas, Ad Heats Up Race for Governor},
  journal = {New York Times},
  date = {2002-07-30}
}
@Review{ratliff1999,
  crossref = {vianna1999},
  author = {Ratliff, Ben},
  journal = {Lingua Franca},
  volume = {9},
  date = {1999-04},
  pages = {B13--B14}
}
@Book{vianna1999,
  author = {Vianna, Hermano},
  title = {The Mystery of Samba},
  subtitle = {Popular Music and National Identity in Brazil},
  editor = {Chasteen, John Charles},
  translator = {Chasteen, John Charles},
  address = {Chapel Hill},
  publisher = {University of North Carolina Press},
  year = {1999}
}
@Article{zeitung1828,
  journal = {Erg{\"a}nzungsbl{\"a}tter zur Allgemeinen Literatur-Zeitung},
  date = {1828-02},
  number = {23--24},
  review = {ranke}
}
@Book{ranke,
  author = {Ranke, Leopold von},
  title = {Geschichten der romanischen und germanischen V{\"o}lker}
}
@Thesis{vedrashko2006,
  author = {Vedrashko, Ilya},
  title = {Advertising in Computer Games},
  type = {\bibstring{mathesis}},
  institution = {MIT},
  year = {2006},
  url = {http://cms.mit.edu/research/theses/IlyaVedrashko2006.pdf}
}
@Thesis{choi2008,
  author = {Choi, Mihwa},
  title = {Contesting \emph{Imaginaires} in Death Rituals during the Northern Song Dynasty},
  type = {\bibstring{phdthesis}},
  institution = {University of Chicago},
  year = {2008},
  howpublished = {ProQuest (AAT 3300426)}
}
@Unpublished{derasmo2000,
  author = {D'Erasmo, Stacy},
  title = {The Craft and Career of Writing},
  type = {lecture},
  institution = {Northwestern University},
  address = {Evanston, IL},
  date = {2000-04-26}
}
@Unpublished{nass2000,
  author = {Nass, Clifford},
  title = {Why Researchers Treat On-Line Journals Like Real People},
  type = {keynote address},
  institution = {annual meeting of the Council of Science Editors},
  address = {San Antonio, TX},
  date = {2000-05-06/2000-05-09}
}
@Unpublished{lucki1980,
  author = {Lucki, Deborah D. and Pollay, Richard W.},
  title = {Content Analyses of Advertising},
  subtitle = {A Review of the Literature},
  type = {working paper},
  institution = {History of Advertising Archives, Faculty of Commerce, University of British Columbia},
  address = {Vancouver},
  year = {1980}
}
@Patent{iizuka1986,
  author = {Iizuka, Masanori and Tanaka, Hideki},
  title = {Cement admixture},
  number = {US Patent 4,586,960, filed June 26, 1984, and issued May 6, 1986},
  year = {1986}
}
@Report{lifestyles1996,
  title = {Lifestyles in Retirement},
  series = {Library Series},
  address = {New York},
  publisher = {TIAA-CREF},
  year = {1996}
}
@Book{pollan2006,
  author = {Pollan, Michael},
  title = {The Omnivore's Dilemma},
  subtitle = {A Natural History of Four Meals},
  address = {New York},
  publisher = {Penguin},
  year = {2006}
}
@Collection{greenberg2008,
  title = {Of Prairie, Woods, and Water},
  subtitle = {Two Centuries of Chicago Nature Writing},
  editor = {Greenberg, Joel},
  address = {Chicago},
  publisher = ucp,
  year = {2008}
}
@Article{blair1977,
  author = {Blair, Walter},
  title = {Americanized Comic Braggarts},
  journal = {Critical Inquiry},
  volume = {4},
  number = {2},
  pages = {331--49},
  year = {1977}
}
@Book{fogel2004a,
  author = {Fogel, Robert William},
  title = {The Escape from Hunger and Premature Death, 1700--2100},
  subtitle = {Europe, America, and the Third World},
  sorttitle = {Escape from Hunger and Premature Death},
  address = {New York},
  publisher = {Cambridge University Press},
  year = {2004}
}
@Article{fogel2004b,
  author = {Fogel, Robert William},
  title = {Technophysio Evolution and the Measurement of Economic Growth},
  journal = {Journal of Evolutionary Economics},
  volume = {14},
  number = {2},
  pages = {217--21},
  doi = {10.1007/s00191-004-0188-x},
  year = {2004},
}
@Book{soltes1999,
  editor = {Soltes, Ori Z.},
  title = {Georgia},
  subtitle = {Art and Civilization through the Ages},
  address = {London},
  publisher = {Philip Wilson},
  year = {1999}
}
@Book{austen2003,
  author = {Austen, Jane},
  title = {Pride and Prejudice},
  address = {New York},
  publisher = {Penguin Classics},
  year = {2003},
  origyear = {1813},
  origlocation = {London},
  origpublisher = {T. Egerton},
  addendum = {citations refer to the Penguin edition}
}
@Book{nano1750,
  options = {skipbib=true},
  author = {Nano, Jasmine L.},
  title = {Title of Work...},
  year = {[1750?]},
  sortyear = {1750}
}
@Book{nano,
  options = {skipbib=true},
  author = {Nano, Jasmine L.},
  title = {Title of Another Work...},
  sortkey = {nodate}
}
@InCollection{faraday,
  author = {Faraday, Carry},
  title = {Protean Photography},
  crossref = {oring}
}
@Collection{oring,
  title = {Seven Trips beyond the Asteroid Belt},
  editor = {Oring, James},
  address = {Cape Canaveral, FL},
  publisher = {Launch Press},
  year = {forthcoming}
}
@Article{meyerovitch1959,
  author = {Meyerovitch, Eva},
  title = {The Gnostic Manuscripts of Upper Egypt},
  journal = {Diogenes},
  number = {25},
  year = {1959},
  pages = {84--117}
}
@Article{morasse2008,
  author = {Morasse, S{\'e}bastien and Guderley, Helga and Dodson, Julian J.},
  title = {Paternal Reproductive Strategy Influences Metabolic Capacities and Muscle Development of Atlantic Salmon (\emph{Salmo salar} L.) Embryos},
  journal = {Physiological and Biochemical Zoology},
  volume = {81},
  number = {4},
  pages = {402--13},
  doi = {10.1086/589012},
  year = {2008}
}
@Report{merrilllynch2008,
  author = {{Merrill Lynch \& Co.}},
  title = {2008 Proxy Statement},
  urldate = {2009-04-09},
  url = {http://www.ml.com/annualmeetingmaterials/2007/ar/pdfs/2008Proxy.pdf}
}
@Book{rushdie1999,
  author = {Rushdie, Salman},
  title = {The Ground beneath Her Feet},
  address = {New York},
  publisher = {Henry Holt},
  year = {1999}
}
@Book{johnson1999,
  author = {Johnson, Kurt and Coates, Steve},
  title = {Nabokov's Blues},
  subtitle = {The Scientific Odyssey of a Literary Genius},
  address = {Cambridge, MA},
  publisher = {Zoland Books},
  year = {1999}
}
@Book{harnack2000,
  author = {Harnack, Andrew and Kleppinger, Eugene},
  title = {Online!},
  subtitle = {A Reference Guide to Using Internet Sources},
  edition = {3},
  address = {New York},
  publisher = {St. Martin's Press},
  year = {2000}
}
@Book{schellinger1998,
  editor = {Schellinger, Paul and Hudson, Christopher and Rijsberman, Marijk},
  title = {Encyclopedia of the Novel},
  address = {Chicago},
  publisher = {Fitzroy Dearborn},
  year = {1998}
}
@Book{suangtho1990,
  author = {Suangtho, V. and Lauridsen, E. B.},
  title = {Flowering and Seed Production in \emph{Tectona Grandis} L.f.},
  subtitle = {Report on the DANIDA Training Course on Tree Improvement Program},
  address = {Chiang Mai, Thailand},
  year = {1990}
}
@Book{glen1990,
  author = {Glen, Peter},
  title = {It's Not My Department!},
  subtitle = {How to Get the Service You Want, \emph{Exactly} the Way You Want It!},
  address = {New York},
  publisher = {William Morrow},
  year = {1990}
}
@InCollection{ashbrook1997.7,
  crossref = {ashbrook1997},
  title = {The Frontal Lobes, Intending, and a Purposeful God},
  chapter = {7}
}
@Book{ashbrook1997,
  author = {Ashbrook, Jame B. and Albright, Carol Rausch},
  title = {The Humanizing Brain},
  address = {Cleveland, OH},
  publisher = {Pilgrim Press},
  year = {1997}
}
@InCollection{williams1990a,
  crossref = {williams1990},
  author = {Williams, Joseph M. and Colomb, Gregory G.},
  title = {Coherence II},
  pages = {81--95}
}
@Collection{williams1990,
  author = {Williams, Joseph M.},
  title = {Style},
  booksubtitle = {Toward Clarity and Grace},
  address = {Chicago},
  publisher = ucp,
  year = {1990}
}
@Book{anderson1982,
  author = {Anderson, J. L. and Richie, D.},
  title = {The Japanese Film Art and Industry},
  edition = {\bibstring{expanded}},
  address = {Princeton, NJ},
  publisher = {Princeton University Press},
  year = {1982}
}
@Book{wright1969,
  author = {Wright, Sewell},
  title = {Theory of Gene Frequencies},
  volume = {2},
  maintitle = {Evolution and the Genetics of Populations},
  address = {Chicago},
  publisher = ucp,
  year = {1969}
}
@Book{cahokia1989,
  sortname = {Cahokia, Atlas},
  sorttitle = {Cahokia Atlas},
  title = {The Cahokia Atlas},
  subtitle = {A Historical Atlas of Cahokia Archaeology},
  series = {Studies in Illinois Archaeology},
  number = {6},
  address = {Springfield},
  publisher = {Illinois Historic Preservation Agency},
  year = {1989}
}
@InCollection{sirosh1996ab,
  crossref = {sirosh1996b},
  author = {Sirosh, J. and Miikkulainen, R. and Bednar, J. A.},
  title = {Self-Organization of Orientation Maps, Lateral Connections, and Dynamic Receptive Fields in the Primary Visual Cortex},
}
@Collection{sirosh1996b,
  title = {Lateral Interactions in the Cortex},
  subtitle = {Structure and Function},
  editor = {Sirosh, J. and Miikkulainen, R. and Choe, Y.},
  address = {Austin, TX},
  publisher = {UTCS Neural Networks Research Group},
  year = {1996},
  url = {http://www.cs.utexas.edu/users/nn/web-pubs/htmlbook96/},
  urldate = {2001-08-27}
}
@Book{davenport2001,
  author = {Davenport, Thomas H. and Beck, John C.},
  title = {The Attention Economy},
  subtitle = {Understanding the New Currency of Business},
  address = {Cambridge, MA},
  publisher = {Harvard Business School Press},
  year = {2001},
  howpublished = {TK3 Reader e-book}
}
@Book{hellman1998,
  author = {Hellman, Hal},
  title = {Great Feuds in Science},
  subtitle = {Ten of the Liveliest Disputes Ever},
  address = {New York},
  publisher = {John Wiley},
  year = {1998},
  howpublished = {Rocket e-book}
}
@Book{james1996b,
  author = {James, Henry},
  title = {The Ambassadors},
  publisher = {Project Gutenberg},
  year = {1996},
  url = {ftp://ibiblio.org/pub/docs/books/gutenberg/etext96/ambas10.txt}
}
@Article{kitcher1999,
  author = {Kitcher, Philip},
  title = {Essence and Perfection},
  journal = {Ethics},
  volume = {110},
  number = {1},
  year = {1999},
  pages = {59--83}
}
@Article{cook2000,
  author = {Cook, Alison},
  title = {Phoenix Rising},
  journal = {Gourmet},
  date = {2000-04},
  pages = {62--64},
}
@Article{mackay1999,
  author = {Mackay, Christopher S.},
  title = {Lactantius and the Succession to Diocletian},
  journal = {Classical Philology},
  volume = {94},
  number = {2},
  year = {1999},
  pages = {205}
}
@Article{mcmillen1994,
  author = {McMillen, Sally G.},
  title = {Antebellum Southern Fathers and the Health Care of Children},
  journal = {Journal of Southern History},
  volume = {60},
  number = {3},
  year = {1994},
  pages = {513--32}
}
@Article{white1999,
  author = {White, Stephen A.},
  title = {Callimachus Battiades (\emph{Epigr}.~35)},
  journal = {Classical Philology},
  volume = {94},
  date = {1999-04},
  pages = {168--81}
}
@Article{wilson1992,
  author = {Wilson, George},
  title = {Again, Theory},
  subtitle = {On Speaker's Meaning, Linguistic Meaning, and the Meaning of a Text},
  journal = {Critical Inquiry},
  volume = {19},
  issue = {Autumn},
  year = {1992},
  pages = {1--21}
}
@Article{rozner1979,
  author = {Rozner, I. G.},
  title = {The War of Liberation of the Ukrainian People in 1648--1654 and Russia},
  titleaddon = {in Russian},
  journal = {Voprosy istorii},
  volume = {1979},
  number = {4},
  pages = {51--64}
}
@Article{myers1987,
  author = {Myers, N. and Tucker, R.},
  title = {Deforestation in Central America},
  subtitle = {Spanish Legacy and North American Consumers},
  journal = {Environmental Review},
  issue = {Spring},
  year = {1987},
  pages = {55--71}
}
@Article{conley1999,
  author = {Conley, Alice},
  title = {Fifth-Grade Boys' Decisions about Participation in Sports Activities},
  issuetitle = {Non-subject-matter Outcomes of Schooling},
  editor = {Good, Thomas L.},
  editortype = {issuetitle},
  journal = {Elementary School Journal},
  volume = {99},
  number = {5},
  year = {1999},
  pages = {131--46}
}
@Article{smith1974a,
  options = {skipbib=true},
  author = {Smith, John},
  title = {Article Title},
  translator = {Doe, Jane},
  journal = {Journal},
  volume = {10},
  number = {5},
  date = {1974-12},
  pages = {10--11}
}
@Article{doe1974,
  options = {skipbib=true},
  author = {Doe, Jane},
  title = {Article Title},
  editor = {Smith, John},
  journal = {Journal},
  volume = {10},
  number = {5},
  date = {1974-12},
  pages = {10--11}
}
@Article{smith1974b,
  options = {skipbib=true},
  author = {Smith, John},
  title = {Article Title},
  editor = {Doe, Jane},
  translator = {Doe, Jane},
  journal = {Journal},
  volume = {10},
  number = {5},
  date = {1974-12},
  pages = {10--11}
}
@Article{warr2000,
  author = {Warr, Mark and Ellison, Christopher G.},
  title = {Rethinking Social Reactions to Crime},
  subtitle = {Personal and Altruistic Fear in Family Households},
  journal = {American Journal of Sociology},
  volume = {106},
  number = {3},
  date = {2000-11},
  pages = {551--78},
  url = {http://www.journals.uchicago.edu/AJS/journal/issues/v106n3/050125/050125.html}
}
@Article{testa2000,
  author = {Testa, Bernard and Kier, Lamont B.},
  title = {Emergence and Dissolvence in the Self-Organisation of Complex Systems},
  shorttitle = {Emergence and Dissolvence},
  journal = {Entropy},
  volume = {2},
  number = {1},
  date = {2000-03},
  pages = {1--25},
  url = {http://www.mdpi.org/entropy/papers/e2010001.pdf}
}
@Article{friedman2001,
  author = {Friedman, James W. and Mezzetti, Claudio},
  title = {Learning in Games by Random Sampling},
  journal = {Journal of Economic Theory},
  volume = {98},
  number = {1},
  date = {2001-05},
  doi = {10.1006/jeth.2000.2694},
  url = {http://www.idealibrary.com/links/doi/10.1006/jeth.2000.2694}
}
@Article{lacey2000,
  author = {Lacey, Stephen},
  title = {The New German Style},
  journal = {Horticulture},
  date = {2000-03},
  pages = {44}
}
@Article{metz2000,
  author = {Metz, Tracy},
  title = {Behnisch, Behnisch \& Partner let the environmentalists at the IBN-DLO institute in Holland practice what they preach},
  journal = {Architectural Record},
  date = {2000-01}
}
@Article{newyorker2000,
  author = {{Talk of the Town}},
  journal = {New Yorker},
  date = {2000-04-10},
  pages = {31}
}
@Article{ap2000,
  author = {{Associated Press}},
  title = {Westchester Approves Measure on Gun Safety},
  journal = {New York Times},
  date = {2000-06-12}
}
@Article{mitchell2001,
  author = {Mitchell, Alison and Bruni, Frank},
  title = {Scars Still Raw, Bush Clashes with McCain},
  journal = {New York Times},
  date = {2001-03-25},
  url = {http://www.nytimes.com/2001/03/25/politics/25MCAA.html},
  urldate = {2002-01-2}
}
@Article{gibbard1999,
  author = {Gibbard, Allan},
  title = {Morality in Living},
  subtitle = {Korsgaard's Kantian Lectures},
  journal = {Ethics},
  volume = {110},
  number = {1},
  year = {1999},
  pages = {140--64},
  review = {korsgaard1996}
}
@Review{gibbard1999b,
  crossref = {korsgaard1996},
  author = {Gibbard, Allan},
  title = {Morality in Living},
  subtitle = {Korsgaard's Kantian Lectures},
  journal = {Ethics},
  volume = {110},
  number = {1},
  year = {1999},
  pages = {140--64}
}
@Book{korsgaard1996,
  author = {Korsgaard, Christine M.},
  title = {The Sources of Normativity},
  publisher = {Cambridge University Press},
  address = {Cambridge},
  year = {1996}
}
@Thesis{ross,
  author = {Ross, Dorothy},
  title = {The Irish-Catholic Immigrant, 1880--1900},
  shorttitle = {The Irish-Catholic Immigrant},
  subtitle = {A Study in Social Mobility},
  type = {\bibstring{mathesis}},
  institution = {Columbia University}
}
@Thesis{murphy2000,
  author = {Murphy, Priscilla Coit},
  title = {What a Book Can Do},
  subtitle = {{\it{Silent Spring}} and Media-Borne Public Debate},
  type = {\bibstring{phdthesis}},
  institution = {University of North Carolina},
  year = {2000}
}
@Patent{petroff1980,
  author = {Petroff, M. D. and Stapelbroek, M. G.},
  title = {Blocked Impurity Band Detectors},
  number = {US Patent 4,586,960, filed Oct. 23, 1980, and issued Feb. 4, 1986},
}
@Report{merrilllynch2000,
  author = {{Merrill Lynch Advisory Services Group}},
  title = {Merrill Lynch Consults Service},
  note = {Disclosure Statement, April 2000}
}
@Article{chase2006,
  author = {Chase, Alan},
  title = {Alan's Article},
  journal = {Ethics},
  volume = {110},
  number = {1},
  year = {1999},
  pages = {59--83}
}
@Article{chase2007,
  author = {Chase, Alan},
  title = {Artie's Article},
  journal = {Ethics},
  volume = {110},
  number = {1},
  year = {1999},
  pages = {84--100}
}
